@misc{vlang,
    author = {V},
    title = {The V Programming Language},
    howpublished = {\url{https://vlang.io/}},
    note = {Accessed: 2021-06-01}
}

@misc{vdocs,
    author = {V},
    title = {V Documentation},
    howpublished = {\url{https://github.com/vlang/v/blob/master/doc/docs.md}},
    note = {Accessed: 2021-06-01}
}

@misc{JamesB,
    author = {Ben James},
    title = {The V Programming Language: Vain or Virtuous},
    howpublished = {\url{https://hackaday.com/2019/07/23/the-v-programming-language-vain-or-virtuous/}},
    note = {Accessed: 2021-06-01}
}

@misc{vcompare,
    author = {V},
    title = {Comparison of V and other languages},
    howpublished = {\url{https://vlang.io/compare}},
    note = {Accessed: 2021-06-01}
}

@misc{embedded,
    author = {Phil Koopman},
    title = {Minimize Use of Global Variables, {Better Embedded System SW}},
    howpublished = {\url{https://betterembsw.blogspot.com/2014/06/minimize-use-of-global-variables.html}},
    note = {Accessed: 2021-06-01}
}