@misc{cornellGC,
  author = {Cornell},
  title = {Copying Garbage Collection},
  howpublished = {\url{https://www.cs.cornell.edu/courses/cs312/2003fa/lectures/sec24.htm}},
  note = {Accessed: 2021-05-30}
  }

@misc{pythonGIL,
  author = {Python},
  title = {GlobalInterpreterLock},
  howpublished = {\url{https://wiki.python.org/moin/GlobalInterpreterLock}},
  note = {Accessed: 2021-05-30}
  }

@misc{numpyParallel,
  author = {SciPy},
  title = {Parallel Programming with numpy and scipy},
  howpublished = {\url{https://scipy.github.io/old-wiki/pages/ParallelProgramming}},
  note = {Accessed: 2021-05-30}
  }

@misc{asynciovthreads,
  author = {Nathan Van Gheem},
  title = {Scaling Python Web Applications: AsyncIO vs Threads},
  howpublished = {\url{https://www.nathanvangheem.com/posts/2019/06/11/scaling-python-web-applications.html}},
  note = {Accessed: 2021-05-31}
}

@misc{asynciodocs,
  author = {Python},
  title = {asyncio -- Asynchronous I/O},
  howpublished = {\url{https://docs.python.org/3/library/asyncio.html}},
  note = {Accessed: 2021-06-01}
}

@misc{asyncionodejs,
  author = {Andrei Notna},
  title = {Intro to Async Concurrency in Python vs. Node.js},
  howpublished = {\url{https://medium.com/@interfacer/intro-to-async-concurrency-in-python-and-node-js-69315b1e3e36}},
  note = {Accessed: 2021-06-01}
}